@book{economia1,
  author         = {Pereira, C; C{\'e}sar, C; Restrepo, E; Mauro, F; Calle, A; Velarde, M; Leon, G; {\'A}lvarez, M; Guar{\'i}n, H},
  editor         = {Espacio Gr{\'a}fico Comunicaciones S.A.},
  publisher      = {Espacio Gr{\'a}fico Comunicaciones S.A.},
  title          = {Econom{\'i}a 1},
  year           = {2011},
  url            = {https://www.uaeh.edu.mx/investigacion/productos/4775/economia-1.pdf}
}