@book{pereira2011,
  author         = {Pereira, C. and César, C. and Restrepo, E. and Mauro, F. and Calle, A. and Velarde, M. and Leon, G. and Álvarez, M. and Guarín, H},
  editor         = {Espacio Gráfico Comunicaciones S.A.},
  publisher      = {Espacio Gráfico Comunicaciones S.A.},
  title          = {Economía 1},
  year           = {2011},
  url            = {https://www.uaeh.edu.mx/investigacion/productos/4775/economia-1.pdf},
}

@book{llorca2016,
  author         = {Llorca, A. and Fernández, L. and Lobato, C},
  editor         = {Universitat Politècnica de València},
  publisher      = {Riunet, Repositirio istitucional UPV},
  title          = {Economía y gestión para arquitectos},
  year           = {2016},
  url            = {https://riunet.upv.es/handle/10251/67700#},
}

@misc{euroinnova2023,
  author       = {Euroinnova},
  howpublished = {Euroinnove. International online education},
  title        = {Qué es la economía y cuál es su importancia},
  year         = {2023},
  url          = {https://www.euroinnova.co/blog/que-es-la-economia-y-cual-es-su-importancia#cual-es-la-importancia-de-la-economia},
}

@book{hochschild2024,
  author         = {Hochschild, F. and Herrera, F. and García, J. and Pardo, R. and Cortés J. and Arbeláez, L. and Perfetti, L. and Amorocho, H. and Salazar, R. and Pérez Claudia. and Alviz, A. and Pérez, C. and Alviz, A},
  publisher      = {MinTrabajo, Red Ormet, Universidad de Sucre, PNUD},
  title          = {Perfil Productivo Municipio Corozal},
  year           = {2024},
  url            = {https://issuu.com/pnudcol/docs/perfil_productivo_corozal},
}